<?xml version="1.0" encoding="UTF-8"?><collection xmlns="http://www.loc.gov/MARC21/slim"><record><leader>00513nam--2200145-i-4500</leader><controlfield tag="001">000012209</controlfield><controlfield tag="002">20161230</controlfield><controlfield tag="005">20161230201029</controlfield><controlfield tag="008">060222s1000------------r-----000-0-eng-d</controlfield><datafield ind1=" " ind2=" " tag="080"><subfield code="a">514.763.4.424(O43)</subfield></datafield><datafield ind1=" " ind2=" " tag="100"><subfield code="a">Badji, Cherif</subfield></datafield><datafield ind1=" " ind2=" " tag="245"><subfield code="a">Sur une methode de geometrie differentielle da ns la theorie des integrales harmoniques sur les varietes kahlerenn a bord pseudo-convexe these</subfield></datafield><datafield ind1=" " ind2=" " tag="260"><subfield code="a">Paris, L Universite Pierre Et Marie Curie, 1976. 124 P</subfield></datafield><datafield ind1=" " ind2=" " tag="852"><subfield code="a">44982</subfield><subfield code="c">517.2/3</subfield></datafield><datafield ind1=" " ind2=" " tag="CAT"><subfield code="a">Sys</subfield><subfield code="c">20080717</subfield><subfield code="h">132729</subfield></datafield></record></collection>